4352 5690
357 1524 450 1658 lie
464 1568 904 1674 praepositionis
925 1586 962 1650 a
983 1545 1112 1651 eran
1132 1561 1443 1680 nominibus
1465 1557 1691 1646 aratam
1711 1537 1957 1660 sonorae,

688 1759 697 1768 .
719 1685 898 1818 md,
913 1683 1137 1790 metum
1156 1681 1433 1774 mammo,
1464 1696 1583 1762 asa.

1071 1953 1239 1964 ‚nu—-

354 2162 474 2247 Notus
491 2194 555 2250 ,est
583 2182 757 2248 Ciceronis
786 2180 878 2245 loeas
907 2181 988 2260 Epp.
1017 2181 1059 2242 ad
1085 2179 1154 2244 Aa.
1182 2175 1324 2255 v11,3,
1347 2182 1403 2245 to:
1449 2178 1562 2242 Venio
1585 2178 1624 2240 ed
1647 2177 1803 2255 Piraeea,
1836 2178 1872 2240 iu
1893 2195 1955 2257 quo

275 2285 283 2314 ¹
354 2272 459 2356 magis
481 2266 770 2348 reprehendendus
792 2285 883 2343 sum,
905 2265 991 2345 quod
1012 2261 1109 2328 homo
1119 2261 1289 2328 Romanus
1311 2261 1446 2329 Piraeea
1467 2264 1674 2343 seripserim,
1697 2277 1764 2326 non
1779 2261 1954 2342 Pimemm,
1995 2335 2003 2350 κ

355 2385 397 2400 -
419 2356 469 2419 sie
493 2355 582 2416 enim
603 2371 723 2417 omnes
746 2351 851 2420 nostri
872 2349 976 2413 locuti
998 2361 1092 2430 sunt,
1113 2375 1156 2394 *-
1178 2367 1274 2429 quam
1296 2349 1381 2429 quod
1402 2353 1437 2414 ia
1458 2347 1650 2417 addiderim.
1693 2346 1770 2416 Non
1784 2350 1876 2412 enim
1893 2348 1957 2414 boe
1989 2365 1999 2404 i

355 2451 392 2497 ut
414 2439 532 2515 oppido
554 2437 745 2518 praeposui,
770 2435 829 2500 sed
850 2447 886 2498 ut
908 2434 997 2501 loco:
1022 2449 1055 2500 et
1077 2448 1188 2498 tamen
1201 2428 1386 2515 Dionysius
1409 2441 1538 2510 noster,
1562 2437 1620 2519 qui
1642 2447 1695 2498 est
1717 2433 1899 2514 nobiseum,
1922 2447 1957 2502 et
2026 2472 2031 2480 ι

355 2516 469 2592 Niciae
483 2521 570 2582 Cous
593 2541 658 2586 non
680 2520 816 2586 rebatur
838 2522 991 2600 oppidum
1014 2520 1251 2580 ersePirneee.
1283 2517 1351 2580 Sed
1372 2521 1413 2580 de
1436 2542 1475 2584 so
1497 2519 1621 2591 videro.
1648 2519 1806 2587 Nostrum
1827 2521 1957 2602 quidem

354 2603 384 2664 si
410 2615 465 2665 est
493 2618 680 2682 peecatum,
703 2610 744 2665 in
771 2625 812 2665 eo
841 2616 908 2680 est,
936 2602 1021 2682 qaod
1042 2621 1109 2664 non
1131 2600 1231 2664 atde
1254 2598 1521 2684 oppiduloeutus
1545 2620 1635 2682 rum,
1669 2607 1728 2666 red
1750 2618 1787 2665 ut
1808 2605 1849 2666 de
1870 2603 1956 2682 loeo,

355 2699 553 2768 amatusque
577 2705 666 2766 sum,
690 2707 755 2750 non
778 2687 855 2750 dieo
876 2685 1068 2766 Caecilium,

874 2773 973 2837 Mane
999 2784 1034 2836 at
1062 2793 1102 2836 ea·
1122 2783 1218 2852 porta
1238 2775 1274 2836 in
1294 2770 1469 2850 Piraeeum,
1868 2833 1873 2846 ,

352 2888 395 2904 -·
415 2853 522 2920 malus
556 2859 645 2921 enim
670 2868 792 2931 ¹auotor
823 2857 1020 2921 Latinitatis
1050 2870 1119 2934 ert,
1141 2889 1182 2906 ·-·
1210 2855 1273 2918 sed
1297 2855 1636 2932 Terentium,·euius
1659 2856 1803 2922 fabellae
1826 2870 1956 2938 propter

353 2941 553 3027 elegantiam
576 2945 738 3007 sermonis
761 2941 960 3022 putabantur
982 2965 1002 3007 a
1026 2942 1107 3008 Caio
1130 2939 1249 3006 Laelio
1272 2939 1386 3019 scribi,

414 3113 445 3175 ‘d
594 3087 598 3094 .
721 3030 808 3096 Heri
829 3027 949 3115 aliquoi
970 3031 1197 3122 adolescentuli
1215 3031 1335 3095 coimus
1353 3030 1389 3093 in
1410 3024 1583 3103 Piraeeum,

358 3125 392 3175 Gt
412 3135 423 3174 l
448 3131 511 3190 em,
1172 3150 1177 3174 t

456 3245 461 3250 -
785 3199 951 3266 Mercator
972 3200 1032 3264 boc
1052 3202 1205 3279 addebat,
1228 3213 1351 3282 castam
1372 3221 1390 3263 e
1410 3198 1526 3266 Sanina
1860 3263 1862 3266 .

439 3280 536 3355 Quod
558 3285 588 3346 si
611 3277 734 3369 δήμους
746 3279 874 3364 'oppida
895 3282 1045 3348 volumus
1065 3305 1157 3362 esse,
1181 3299 1247 3348 tam
1266 3300 1317 3348 est
1335 3287 1487 3366 oppidum
1499 3285 1655 3364 Sunium,
1678 3305 1772 3364 quam
1787 3285 1954 3352 Piraeeus·

355 3366 615 3513 Sed,¹(p)uoniam
637 3369 880 3433 Grammaticus
904 3390 956 3449 es,
987 3372 1016 3432 si
1040 3370 1101 3433 hoe
1123 3367 1204 3432 mibi
1228 3364 1354 3456 ζήτημα
1378 3370 1595 3451 persolveris,
1625 3391 1744 3453 magna
1764 3391 1832 3450 me.
1851 3367 1955 3434 mole·

355 3453 421 3514 stia
458 3453 608 3518 ieratis.

343 3598 349 3608 ,
467 3531 562 3600 Haeo
585 3537 711 3603 Cicero.
755 3537 887 3604 Atticus
911 3537 1069 3622 quomodo
1094 3539 1113 3622 ζ
1122 3534 1219 3624 'appa
1246 3538 1328 3603 ttlud
1352 3539 1522 3606 Cioetunis
1545 3539 1955 3622 persolverit‚·neseimus.
1994 3527 2001 3535 ’

232 3641 233 3646 ’
354 3617 429 3702 Hoc
462 3633 583 3708 autem
604 3623 769 3706 videmus,
802 3625 878 3709 iam,
897 3629 1078 3708 antiquitus
1106 3563 1147 3692 de
1175 3645 1237 3688 usu
1258 3625 1537 3706 praepositionum
1561 3625 1748 3690 nominibus
1771 3623 1899 3694 urbium
1923 3635 1956 3686 et

198 3706 203 3720 '
268 3779 283 3788 .
354 3718 513 3770 terrarum
548 3709 732 3774 additarum
758 3713 846 3776 inter
872 3713 962 3777 v'iros
989 3714 1103 3776 dootos
1132 3733 1198 3778 non
1225 3714 1308 3776 satis
1332 3707 1533 3776 eonstitisse.
1588 3711 1637 3776 Aa
1659 3731 1771 3776 verum
1795 3731 1840 3777 ex
1861 3721 1960 3790 parte,
2025 3723 2034 3744 ·

354 3791 481 3854 videtur
502 3792 714 3859 intellexisse
726 3797 853 3876 Cicero,
877 3798 1001 3878 dioens,
1022 3783 1102 3879 prae
1125 3799 1299 3862 ositionem
1317 3802 1351 3863 in
1367 3798 1494 3862 nomini
1506 3798 1642 3862 Piraeei
1660 3814 1696 3861 te
1713 3797 1955 3878 praeposuisse,

313 3917 316 3922 -
355 3877 439 3954 quod
467 3894 535 3940 non
563 3892 599 3942 ut
626 3881 783 3966 deurbe,
808 3885 924 3946 sedat
947 3821 1234 3948 deloaobocutus
1258 3881 1313 3948 sit.
1366 3877 1409 3948 Et
1436 3885 1521 3964 quod
1542 3883 1604 3947 hoe
1626 3882 1700 3948 loco
1724 3897 1757 3946 et
1778 3882 1840 3945 hae
1861 3901 1956 3945 ocea-

355 3961 449 4022 sione
471 3961 548 4027 data
576 3965 615 4027 de
638 3987 699 4030 usu
726 3971 980 4048 praepositionis
1003 3969 1160 4052 indixit,
1192 3968 1226 4034 id
1255 3969 1386 4053 quidem
1409 3970 1451 4032 ed
1473 3988 1587 4034 omnes
1610 3970 1872 4051 praepositiones
1895 3985 1956 4030 nos

336 4044 498 4107 'minibus
530 4043 659 4116 urbium
688 4057 892 4134 praepositas
922 4069 1036 4121 nostro
1065 4059 1137 4143 iare
1163 4057 1355 4122 referamus.
1410 4051 1495 4120 Nam
1524 4077 1597 4120 eum
1620 4077 1686 4120 non
1709 4053 1824 4118 liceret
1847 4052 1955 4132 modo,

355 4130 413 4192 sed
436 4129 575 4195 deberet
593 4138 659 4200 diei
681 4161 721 4204 ex
742 4140 862 4226 Adrion
883 4146 1005 4222 redire,
1038 4148 1073 4207 ia
1094 4141 1255 4228 Afrioam,
1290 4147 1325 4207 in
1345 4142 1454 4207 arbem
1475 4147 1626 4217 transire,
1660 4164 1701 4206 ex
1723 4141 1794 4203 sive
1816 4142 1856 4204 ab
1877 4139 1955 4204 arde

345 4216 533 4296 prodiisti,
561 4221 594 4282 in
615 4226 779 4308 Hispania
800 4249 884 4308 esse,
913 4229 989 4312 quid
1013 4241 1100 4308 erat,
1129 4227 1356 4311 quodfalsum
1378 4225 1570 4306 haberetur,
1600 4229 1630 4290 si
1660 4227 1732 4308 quis
1755 4227 1913 4290 dixisset:
1937 4247 1955 4288 e

299 4313 303 4318 ·
344 4301 426 4401 ,sive
449 4304 489 4368 ab
510 4303 611 4370 Roma
633 4315 752 4394 redire,
773 4315 953 4396 proficisci,
981 4319 1155 4396 discedere,
1179 4319 1213 4382 ia
1236 4315 1362 4382 Oricum
1384 4317 1504 4390 uenire,
1528 4313 1632 4380 redire
1654 4315 1688 4385 ia
1704 4309 1953 4398 Karthaginem,

355 4407 389 4450 m
409 4389 512 4456 Roma
532 4410 615 4472 esse,
638 4409 671 4458 et
693 4414 874 4477 quaesunt
897 4403 1058 4466 eiusmodi
1080 4396 1228 4468 similia?
1272 4401 1337 4464 Sed
1359 4401 1443 4465 iorte
1466 4397 1568 4467 fiebat
1590 4399 1621 4464 h.
1636 4421 1668 4468 et
1682 4420 1745 4462 usu
1767 4397 1958 4476 eveniebat,

355 4483 407 4549 ut,
429 4476 513 4553 quod
537 4497 594 4555 per
616 4501 651 4545 se
675 4484 756 4546 satis
779 4485 916 4564 probum
938 4501 971 4550 et
994 4489 1158 4552 communi
1178 4486 1347 4550 horninum
1371 4487 1485 4549 sensui
1508 4499 1618 4568 aptum
1642 4499 1748 4564 esset,
1771 4498 1806 4548 ut
1828 4487 1862 4548 in
1875 4479 1952 4544 aliis

1666 4591 1686 4655 1
