4352 5690
1161 597 1185 671 b

383 873 387 882 .
473 795 558 880 'set
586 824 622 877 ut
649 811 692 874 ad
720 808 853 882 Livium
879 805 1012 884 propios
1042 803 1252 888 accedamus,
1275 805 1372 874 ,inter
1398 801 1503 872 multa
1530 803 1613 886 elia,
1646 810 1881 888 quaepropria
1903 810 1974 877 eins

287 944 289 952 ·
379 907 456 968 eant
478 909 512 964 et
540 909 764 966 noctuarum
786 890 978 970 scriptorum
999 887 1196 956 Latinorum
1225 901 1345 954 aureae
1372 889 1492 956 aetatis
1515 908 1578 958 usu
1600 897 1633 958 et
1655 893 1786 962 ratione
1808 891 1975 966 scribendi
2003 957 2008 970 ,

277 969 285 996 ”
325 1035 329 1044 .
377 985 524 1062 (liberer,
547 982 609 1051 hoe
631 981 775 1048 maxime
797 975 974 1042 tenendum
996 986 1062 1054 est,
1086 995 1159 1039 eum
1182 971 1370 1040 nominibus
1392 971 1537 1052 'urbiam
1561 971 1616 1040 abi
1639 997 1710 1044 cum
1729 977 1840 1047 verbis
1853 991 1977 1053 motum

376 1067 418 1138 sb
451 1067 561 1150 abono
593 1067 666 1134 loco
692 1060 914 1132 indicantibus
938 1082 979 1128 ea
1001 1060 1192 1141 coniunxit,
1226 1071 1284 1128 apt
1304 1080 1379 1124 raro
1401 1071 1459 1129 aut
1480 1079 1645 1140 uunquam
1668 1061 1738 1126 fere
1761 1066 1977 1146 praepositio-

377 1175 452 1222 nem
473 1177 497 1224 a
514 1153 714 1226 detraxisse.
756 1145 840 1228 Nam
864 1159 994 1226 prepter
1016 1165 1074 1211 ecs
1090 1143 1204 1222 ‚lacos,
1226 1142 1283 1214 ubi
1306 1144 1451 1215 codicum
1474 1146 1653 1211 auctoritas
1677 1145 1830 1234 ambigua
1852 1162 1904 1218 est
1927 1163 1976 1216 at-

363 1237 602 1321 'q'ualiacertm
625 1237 683 1314 36,
706 1235 758 1304 33.
803 1235 861 1310 33,
883 1234 935 1300 25.
979 1232 1112 1310 30,10.
1157 1230 1216 1306 37,
1240 1229 1287 1316 7.,
1319 1230 1464 1303 sedecim
1496 1227 1550 1295 vel
1583 1231 1811 1382 duodeviffiinti
1850 1247 1977 1318 tantum

281 1390 284 1397 ,
375 1323 440 1392 loci
462 1322 581 1403 reliqui
601 1333 696 1400 tuat,
717 1321 753 1386 in
777 1316 894 1400 quibas
911 1317 1118 1404 praepositio
1141 1316 1250 1398 posita
1272 1315 1729 1400 nonreperitur,nequehia
1769 1321 1858 1386 omni
1871 1321 1978 1404 euspi-

375 1410 473 1476 oicae
500 1408 598 1478 liberi
619 1406 775 1474 censendi
798 1415 886 1470 sunt.
940 1402 990 1470 Ao
1011 1401 1097 1466 forte
1118 1399 1242 1466 fectum
1266 1412 1333 1478 est,
1366 1413 1402 1467 ut
1424 1399 1595 1484 inprimis
1619 1403 1730 1474 decem
1753 1399 1849 1472 libris
1872 1405 1978 1474 nudus

247 1547 253 1564 ,
378 1491 544 1562 ablativus
573 1491 702 1562 urbium
730 1511 802 1558 cum
825 1487 936 1554 verbis
957 1498 1081 1552 motum
1106 1483 1372 1570 significantibus
1396 1486 1529 1548 omnino
1553 1505 1618 1550 nou
1642 1501 1839 1568 compareat.
1893 1487 2021 1553 Nam*

258 1583 262 1590 '
318 1597 321 1612 ·
377 1599 460 1657 queo
482 1579 636 1664 leguntur
658 1578 694 1656 8,
718 1579 737 1640 5
761 1576 921 1644 consulum
943 1575 1073 1644 alterum
1094 1573 1213 1652 Roma,
1235 1573 1364 1644 alteram
1387 1593 1430 1640 ex
1448 1569 1547 1638 Latio
1569 1575 1672 1636 creari
1693 1584 1835 1654 eportet,
1857 1595 1897 1639 ea
1914 1573 1977 1644 hac

376 1684 441 1728 non
458 1665 620 1737 referam.
649 1663 845 1742 praesertim
873 1681 946 1727 cum
969 1657 1079 1738 plures
1104 1658 1233 1724 codices
1256 1655 1436 1742 genitivum
1458 1658 1579 1727 Romae
1601 1655 1805 1732 exhibeant.
1854 1657 1921 1730 Qui
1942 1661 1979 1724 ia

375 1741 607 1816 ceteris'Liuii
628 1747 725 1812 libris
747 1744 981 1825 superstitibus
1004 1745 1125 1812 nudum
1147 1741 1328 1808 ablativum
1350 1741 1516 1826 exhibent·
1535 1741 1601 1808 loci
1622 1741 1657 1806 hi
1681 1755 1776 1808 sunt:
2051 1811 2053 1816 ,

340 1827 345 1838 ’
420 1840 454 1908 l)
477 1833 702 1916 proficisci:
724 1835 784 1910 tt,
806 1835 849 1898 13
870 1831 1040 1899 Hannibal
1064 1864 1109 1878 ·-
1128 1826 1293 1912 profectus
1314 1811 1437 1910 Arpis,
1459 1830 1503 1900 ad
1520 1825 1635 1912 Tifata
1655 1831 1818 1910 concedit,
1841 1838 1875 1899 et
1898 1827 1978 1894 ibid.

482 1917 593 1996 paullo
613 1918 717 1986 intrat
737 1927 903 2001 postquam
924 1916 1138 1998 Hannibalem
1159 1915 1261 1997 Arpis
1281 1913 1460 2002 profectum
1481 1947 1523 1963 -··
1545 1914 1670 1980 aaran
1693 1924 1750 1980 est.
1772 1915 1830 1990 33,
1847 1915 1883 1983 lb
1906 1911 1975 1986 Aa·

482 2003 681 2076 drocthenes.
704 2007 839 2072 omnium
860 2005 1012 2085 ignarus,
1036 2001 1192 2068 Corintho
1211 2001 1379 2086 profectas
1399 2002 1443 2066 ad
1463 2002 1608 2067 Nemeam
1630 2010 1737 2067 castra
1759 1999 1852 2068 iacnt.

418 2087 451 2170 3)
479 2089 635 2154 tenire:
658 2088 717 2166 30,
738 2088 962 2172 tutegattqae
984 2089 1121 2170 triginta
1142 2086 1353 2172 Karthagine
1375 2089 1419 2156 ad
1438 2085 1622 2166 Scipionem
1648 2095 1810 2154 ommuni.
1855 2083 1914 2166 35,
1938 2083 1978 2154 10
2026 2099 2029 2110 ·

326 2193 328 2202 ’
479 2177 536 2258 pai
555 2185 682 2240 matrem
703 2175 832 2242 Idaeam
852 2173 1039 2254 Pessinunte
1060 2173 1229 2236 amrmtem
1251 2177 1286 2236 ia
1306 2176 1412 2242 arbem
1433 2174 1621 2252 acciperent.
1697 2215 1701 2220 -

417 2259 450 2340 3)
478 2257 647 2325 advehi:-
669 2261 729 2334 33,
751 2258 796 2324 tu
825 2259 931 2324 eodem
956 2257 1079 2327 Hanno
1106 2277 1146 2332 es
1166 2255 1325 2338 Bruttiis,
1357 2277 1425 2344 cam
1452 2257 1666 2340 supplemento
1693 2253 1900 2340 Karthapine
1921 2255 1979 2322 ad-

481 2357 571 2410 uecto
611 2346 708 2410 uenit.
782 2387 792 2407 .
1012 2383 1015 2390 ·
2063 2357 2067 2366 “

418 2427 452 2505 4)
481 2389 691 2494 nuntiiaret
725 2427 784 2506 36,
799 2427 847 2492 33
881 2437 914 2492 et
932 2423 1084 2510 Anapnta
1104 2437 1136 2493 et
1156 2428 1315 2509 Fregellis
1335 2415 1515 2498 numana
1536 2438 1601 2510 etl,
1629 2461 1670 2479 -r
1695 2435 1809 2508 portat
1828 2427 1870 2496 dc
1891 2425 1979 2496 coelo

479 2523 592 2578 tactas.
635 2513 757 2590 43,13
788 2511 953 2592 Anagnia,
977 2513 1048 2596 dno
1070 2511 1228 2590 prodigia
1249 2539 1292 2558 ’-
1312 2525 1385 2575 stett
1405 2517 1565 2581 nswiata.
1611 2509 1687 2578 Huc
1709 2532 1776 2592 aaa
1798 2511 1977 2590 pertinent,

480 2616 563 2674 quae
589 2595 745 2676 leguntur
777 2597 836 2670 40,
865 2596 885 2654 3
918 2595 1005 2676 quod
1029 2595 1180 2674 tripedem
1208 2593 1319 2656 mnium
1341 2595 1441 2658 Reate
1461 2605 1568 2660 amum
1588 2599 1769 2659 nunciatum
1789 2607 1876 2666 erat,
1908 2606 1939 2658 et
1959 2616 1980 2658 a

479 2680 633 2759 Formiis,
658 2679 772 2746 aerim
793 2709 837 2722 -·
856 2687 982 2748 tactam·
1037 2675 1213 2748 Abiatiras
1242 2679 1330 2748 onim
1352 2680 1407 2760 qui
1430 2689 1483 2750 est
1507 2665 1612 2746 ileate
1633 2679 1757 2760 aptius.
1770 2678 1980 2766 coniungitur

470 2783 554 2842 <oum
576 2759 677 2828 aerbo
699 2762 852 2841 proxime
874 2765 1040 2842 apposito,
1062 2775 1098 2828 ut
1120 2764 1178 2842 33,
1201 2765 1254 2832 tt.
1501 2813 1536 2840 ,3
1784 2801 1786 2804 -

419 2848 452 2930 ⁶)
479 2848 688 2918 deduceret
712 2847 769 2916 34.
792 2849 836 2916 33
857 2848 966 2918 Nabla
984 2843 1177 2930 praesidium
1197 2846 1302 2932 Argis
1322 2849 1534 2918 deductarum.
1578 2851 1636 2926 34,
1659 2850 1699 2918 31
1733 2869 1798 2914 non
1818 2859 1853 2916 ut
1874 2846 1980 2932 Argis

477 2935 671 3017 praesidium
692 2935 903 3004 deducerem.-
930 2933 997 3017 Sed
1018 2933 1106 3003 dixit
1126 2935 1227 3004 etiam
1260 2935 1319 3014 33,
1340 2935 1384 3004 36
1408 2943 1445 3004 at
1474 2935 1564 3016 repic
1587 2935 1754 3015 praesidia
1779 2933 1919 3004 Phocide
1941 2955 1980 2997 ac

429 3055 432 3062 ,
478 3020 620 3086 Locride
641 3021 879 3087 deducerentur.
1552 3053 1556 3060 ·
1869 3069 1871 3072 .

420 3110 457 3177 6)
484 3103 721 3184 procedere.
746 3107 803 3179 ii,
827 3104 869 3168 38
894 3125 959 3186 pao
981 3125 1049 3174 ntra
1068 3103 1205 3174 Perseus
1225 3107 1347 3180 obviam
1370 3105 1555 3189 Amphipoli
1569 3135 1618 3153 ’-
1638 3107 1853 3186 processisset.
1912 3099 1978 3166 Ubi

411 3219 416 3228 ·
479 3203 559 3268 puto
580 3186 790 3274 scribendum
813 3189 854 3254 ab
874 3189 1067 3269 Amphipoli.
1626 3255 1630 3261 ,

418 3275 451 3352 7)
481 3274 894 3352 castrametatum,
917 3274 958 3341 tt
977 3285 1108 3354 postero
1129 3278 1183 3343 die
1202 3279 1354 3359 Megaris
1375 3287 1482 3345 castra
1503 3286 1647 3350 movent.

418 3359 452 3438 8)
481 3359 640 3436 cedere,
670 3357 910 3436 abscedere,
945 3359 1159 3425 excedere:
1204 3361 1262 3440 33,
1284 3365 1325 3432 33
1358 3383 1423 3428 non
1448 3362 1556 3446 Argis
1583 3361 1690 3433 modo,
1723 3361 1893 3436 sedetiam
1915 3357 1978 3425 Co-

428 3489 455 3532 ..
482 3443 587 3508 rintho
610 3462 779 3510 cessuram.
821 3445 881 3522 34,
902 3446 947 3510 33
966 3443 1075 3528 Argis
1095 3465 1130 3510 ee
1151 3447 1260 3512 cedere
1281 3468 1320 3512 ac
1340 3449 1494 3514 deducere
1511 3449 1717 3528 praesidinm.
1767 3447 1825 3521 25,
1847 3446 1888 3508 aa
1911 3443 1978 3532 Sy·

392 3576 397 3590 .
481 3531 604 3594 recture
625 3531 805 3596 excessisse.
832 3533 892 3606 34,
914 3532 935 3594 3
958 3530 1095 3596 Crotone
1116 3551 1275 3600 excessum
1295 3543 1353 3596 est.
1377 3534 1435 3610 36,
1459 3533 1498 3596 13
1525 3530 1650 3618 Thynia
1673 3530 1835 3596 abscessit.
1882 3526 1977 3591 Haec

480 3611 581 3676 verba
602 3612 873 3692 frequentissime
896 3627 1084 3678 constructa
1107 3616 1242 3695 reperiri
1266 3637 1337 3680 cum
1363 3617 1448 3681 nudo
1460 3613 1606 3678 ablativo
1619 3612 1748 3678 arbium
1761 3627 1793 3679 et
1806 3615 1976 3700 regionum

480 3699 547 3762 iem
569 3699 698 3764 monuit
720 3697 912 3766 Weissenb.
935 3700 995 3764 Gr.
1017 3701 1094 3768 Lat.
1122 3722 1152 3779 p.
1173 3703 1247 3768 373.
1271 3702 1311 3766 ei.
1336 3702 1410 3768 Liv.
1433 3703 1491 3778 32,
1514 3701 1557 3764 34
1578 3702 1696 3768 decedi
1711 3699 1850 3770 Graecia
1867 3713 1901 3763 et
1924 3699 1977 3776 33,

481 3783 523 3845 33
544 3784 738 3847 decedentem
761 3807 801 3849 ex
822 3787 930 3854 Italia.
973 3783 1054 3852 Sall.
1077 3785 1149 3868 lug.
1172 3791 1214 3854 23
1236 3789 1292 3852 abt
1313 3809 1367 3852 eos
1387 3784 1507 3868 Africa
1528 3788 1699 3854 decessisse
1720 3797 1809 3856 ratas
1831 3795 1887 3852 eti.

421 3866 453 3943 9)
479 3869 631 3930 excire:
663 3871 720 3940 39,
745 3871 784 3930 13
806 3883 841 3934 ut
860 3872 1023 3952 principes
1044 3873 1181 3953 Nepete,
1203 3872 1317 3938 Sutrio
1340 3906 1380 3920 -·
1404 3873 1534 3938 Romam
1557 3877 1707 3937 excirent.

490 3949 556 4014 His
579 3953 738 4016 accedunt
761 3975 842 4036 quae
865 3955 973 4018 minus
993 3967 1081 4018 certa
1100 3968 1178 4018 sunt
1195 3977 1255 4020 nec
1275 3958 1419 4021 codicum
1433 3959 1626 4036 optimorum
1639 3958 1815 4020 autoritate
1827 3951 1976 4017 firmatas

377 4037 436 4114 33,
459 4035 499 4118 25
530 4033 683 4120 priusque
715 4059 806 4124 qnam
838 4039 1051 4126 Karthagine
1082 4041 1316 4122 subueniretur,
1348 4041 1404 4104 ubi
1433 4045 1467 4112 in
1491 4044 1633 4124 quinque
1656 4041 1803 4112 codd..et
1825 4037 1976 4102 omnibus
2055 4048 2061 4057 '

378 4121 450 4186 edd.
472 4133 550 4188 cate
574 4121 748 4188 Gruterum
772 4126 1005 4206 scriptumest
1037 4129 1078 4194 ab
1097 4127 1320 4212 Karthagine.
1376 4129 1433 4206 30,
1459 4129 1498 4195 10
1535 4127 1657 4194 Uticam
1684 4126 1896 4214 Karthagine
1919 4145 1977 4206 pe·

345 4274 348 4286 .
378 4219 463 4283 teris,
495 4203 553 4268 ubi
586 4205 755 4272 duodecim
789 4211 880 4280 codd.
908 4226 942 4274 et
970 4211 1041 4274 edd.
1071 4225 1148 4276 eote
1176 4211 1376 4282 Frobenium
1410 4211 1534 4280 hebent
1556 4235 1576 4280 a
1598 4213 1668 4278 sire
1691 4213 1731 4276 ab
1753 4211 1976 4295 Karthagine.

304 4339 311 4351 .
377 4289 493 4370 Neque
516 4288 556 4353 ab
580 4291 730 4356 omnibus
753 4294 900 4376 partibus
924 4295 1037 4358 firmus
1061 4309 1113 4359 est
1135 4317 1228 4376 quem
1255 4319 1353 4379 supra
1376 4297 1472 4362 attuli
1495 4297 1587 4364 locus
1615 4297 1674 4376 36,
1695 4299 1738 4362 33
1765 4307 1802 4362 et⁴
1821 4297 1976 4380 Anagnia

379 4389 407 4440 et
430 4377 586 4460 Fregellis
607 4383 786 4448 nunciatum
809 4391 855 4444 est
875 4415 917 4429 -
937 4394 1049 4464 portas
1071 4385 1111 4448 de
1135 4385 1221 4448 coeto
1244 4396 1354 4450 tactas.
1393 4383 1459 4448 Hie
1481 4383 1568 4446 eninr
1592 4395 1624 4446 et
1646 4389 1680 4445 in
1705 4383 1776 4446 edd.
1802 4383 1974 4446 3313333-

380 4461 513 4523 noriam
543 4477 575 4524 et
609 4461 755 4542 pluribus
789 4466 879 4532 codd.
913 4469 1069 4544 scriptum
1103 4465 1224 4551 legitur
1257 4469 1443 4554 Anagniae,
1477 4470 1528 4534 cui
1557 4467 1689 4540 lectioni
1714 4465 1861 4534 subsidio
1884 4465 1975 4526 venit
