4352 5690
1201 521 1203 528 r

1007 571 1022 580 n.

370 823 514 901 ridetur,
536 832 587 899 nt,
610 823 682 883 cam
704 817 838 894 Livius,
861 811 964 877 tribus
987 809 1070 876 locis
1093 811 1263 891 exceptis,
1286 795 1414 894 semper
1436 823 1630 890 ponereto,
1653 811 1709 874 ubi
1732 832 1851 876 nomen
1874 813 1967 878 urbis

372 931 443 974 cnm
465 905 567 973 verbo
586 904 812 988 proficiscendi
833 899 1043 964 coniunctum
1066 908 1173 974 esset,
1197 896 1314 960 Cicero
1336 897 1372 960 in
1395 897 1509 961 eadem
1531 893 1687 976 loquendi
1708 895 1850 962 formula
1863 901 1969 964 rarius

371 1007 497 1060 tantum
520 990 582 1053 baa
602 988 845 1070 praepositione
868 993 1029 1060 uteretur,
1053 981 1181 1045 Caesar
1201 993 1374 1060 utrumque
1396 981 1525 1046 dicendi
1547 1000 1652 1062 genus
1669 985 1793 1060 pariter
1809 982 1973 1064 probaret,

372 1077 549 1143 Cornelius
570 1071 683 1152 Nepos
702 1070 945 1150 praepositione
968 1066 1066 1146 plane
1089 1066 1289 1146 abstineret,
1311 1065 1464 1130 Velleius
1483 1064 1675 1129 Paterculus
1698 1067 1749 1130 vel
1773 1069 1899 1134 diceret
1922 1092 1973 1136 ea·

369 1167 437 1230 dem
456 1160 598 1247 profecti
619 1157 757 1222 Graecia
779 1158 814 1227 1,
837 1159 874 1233 4,
897 1150 1150 1232 nominibusque
1171 1150 1315 1237 urbium,
1337 1151 1394 1214 nbi
1417 1171 1489 1215 eum
1505 1149 1616 1212 verbis
1634 1162 1755 1214 motum
1784 1153 1989 1236 significem.

371 1247 458 1314 tibus
481 1246 662 1310 coniuncta
676 1255 772 1319 sant,
795 1257 864 1303 uno
885 1236 959 1302 loco
981 1241 1040 1318 (3,
1064 1236 1144 1316 lto)
1167 1250 1323 1316 excepto,
1346 1237 1623 1316 praepositionem
1643 1256 1806 1316 nunquam
1819 1234 1972 1304 adderet:

373 1333 436 1399 uid.
462 1336 494 1410 t,
519 1333 550 1395 4.
574 1330 609 1406 l,
632 1329 662 1390 6.
687 1330 723 1405 3,
738 1327 797 1393 36.
823 1361 861 1374 -
907 1323 1163 1404 Perspieuitatis
1186 1341 1286 1384 causa
1308 1323 1475 1386 addidisse
1498 1322 1675 1400 scriptores
1693 1324 1971 1403 praepositionem

371 1437 444 1482 oum
466 1419 533 1480 iam
554 1435 612 1493 per
634 1431 671 1477 se
694 1408 966 1476 verisimilenon
989 1411 1050 1489 sit,
1073 1421 1142 1472 tum
1165 1406 1330 1488 exemplis
1351 1405 1452 1470 facile
1473 1417 1584 1485 potest
1608 1408 1807 1471 eontrarium
1825 1407 1971 1486 probari.

370 1503 428 1568 sio
455 1502 551 1565 Caes.
575 1496 654 1562 bell.
678 1498 739 1562 civ.
761 1499 798 1574 3,
825 1495 903 1560 1⁰2:
936 1498 1004 1576 ipse
1031 1497 1075 1559 ad
1100 1512 1247 1559 ancoram
1273 1513 1338 1558 una
1358 1503 1449 1557 nocte
1471 1493 1612 1555 constitit
1634 1502 1678 1568 et,
1713 1497 1973 1560 evocaturam

369 1586 555 1670 Amphipoli
575 1583 754 1665 hospitibus
764 1615 805 1628 ·-
817 1583 913 1658 venit,
937 1580 967 1640 si
982 1579 1226 1660 perspicuitatis
1239 1580 1401 1642 rationem
1414 1575 1599 1640 habendam
1612 1578 1810 1655 censuisset,
1834 1582 1972 1659 seriptu-

370 1693 427 1735 rus
460 1683 531 1734 erat
565 1671 639 1732 sine
671 1666 741 1730 ulla
774 1666 978 1730 dubitatione
1007 1667 1048 1752 ab
1074 1665 1277 1747 Amphipoli,
1311 1663 1502 1743 praesertim
1528 1680 1600 1724 cum
1622 1661 1657 1723 in
1681 1663 1795 1725 eadem
1817 1661 1972 1744 loquendi

332 1811 340 1820 .
370 1755 512 1820 formula
538 1753 814 1835 praepositionem
844 1771 910 1814 non
938 1751 1092 1814 vitaverit
1120 1748 1198 1814 bell.
1226 1751 1287 1812 civ.
1311 1751 1347 1827 3,
1371 1749 1447 1814 108:
1481 1747 1648 1812 exercitum
1680 1768 1701 1809 o
1732 1746 1860 1812 Pelusio
1894 1752 1972 1814 clam

369 1840 598 1908 Alexandriam
631 1840 781 1902 marcuit.
836 1835 892 1900 Sia
912 1833 1005 1916 {dixit
1031 1833 1126 1900 bell..
1141 1836 1206 1898 civ.
1228 1839 1262 1912 1,
1285 1835 1327 1900 34
1359 1855 1446 1920 quem
1465 1835 1578 1917 paucis
1600 1842 1673 1896 nme
1694 1834 1805 1898 diebus
1828 1833 1983 1912 C⁰lfi²¹²⁸⁰‘

369 1939 494 2006 coptum
514 1929 585 2007 ipse
607 1926 784 2002 dimiserat,
808 1921 867 1984 red
892 1924 927 1998 1,
948 1921 1218 1988 ili-Domitianas
1234 1919 1384 1992 cotona
1402 1925 1550 2004 protinus
1572 1939 1593 1982 a
1615 1917 1759 1999 Corfinio
1781 1919 1971 1990 insicilt'nm

368 2014 508 2076 miserat.
563 2009 618 2073 Sic
645 2007 751 2070 babes
776 2004 854 2069 bell.
885 2007 946 2070 civ.
970 2007 1006 2083 1,
1029 2008 1071 2070 34
1103 2005 1243 2072 Luceria
1266 2006 1484 2090 proficiscetur
1511 2007 1696 2080 Canusium,
1730 2007 1845 2068 0⁰¹¹tr³
1862 2007 1905 2083 ¹3,
1929 2007 1971 2070 ²3

367 2095 471 2170 libo,
492 2093 659 2178 profectus
680 2094 721 2157 ab
743 2094 841 2165 Orico
863 2112 930 2156 cum
953 2091 1053 2158 classe
1073 2101 1116 2137 ³·-
1136 2093 1344 2160 Brundisr'um
1369 2097 1464 2161 uenit.
1497 2091 1588 2155 Idem
1611 2089 1771 2152 orationis
1794 2091 1972 2154 variandas
2029 2120 2032 2138 ι
2064 2151 2067 2158 .

368 2181 515 2244 studium
538 2177 622 2258 apud
647 2177 841 2242 Ciceronem
863 2178 971 2254 ipsum
998 2176 1107 2253 vides,
1130 2175 1214 2238 adeo
1240 2189 1277 2238 ut
1300 2199 1431 2242 eausam
1455 2178 1536 2254 satis
1558 2176 1710 2238 idoneam
1733 2177 1793 2240 vix
1814 2177 1972 2255 reperias.

370 2265 449 2332 Vid.
472 2266 555 2343 Epp.
580 2264 620 2326 ad
633 2263 757 2328 Famm.
781 2264 818 2337 4,
841 2263 884 2324 12
904 2280 971 2324 cum
993 2261 1034 2325 ab
1045 2257 1179 2328 Athenis
1199 2261 1365 2344 proficisci
1385 2265 1536 2328 inanimo
1557 2261 1716 2339 haberem·
1738 2260 1779 2324 ad
1803 2263 1871 2328 Art.
1893 2264 1931 2339 3,
1954 2262 1974 2322 8

238 2425 244 2434 ι
369 2370 438 2414 eum
460 2351 501 2413 ab
522 2349 653 2430 Epheso
675 2357 749 2410 ante
770 2347 932 2428 aliquanto
952 2343 1128 2428 profectum
1133 2370 1145 2421 ,-
1169 2346 1206 2420 7,
1230 2349 1271 2413 13
1292 2347 1459 2430 Pompeius
1485 2350 1526 2412 ab
1550 2347 1661 2412 Teano
1681 2345 1974 2413 terrram—versor

368 2433 621 2514 profectusest3
642 2433 679 2510 8,
704 2433 743 2494 14
758 2431 933 2497 Caesarem
953 2453 973 2494 a
996 2431 1138 2511 Corfinio
1156 2445 1232 2512 post
1253 2437 1410 2500 meridiem
1428 2433 1608 2518 projectum
1629 2451 1696 2496 esse
1718 2467 1770 2502 -,
1804 2453 1846 2496 uo
1867 2431 1975 2498 Conu-

369 2519 419 2578 sia
442 2537 534 2602 mone
550 2517 739 2597 Pompeium.
785 2516 851 2580 Sed
876 2516 955 2592 Epp.
979 2515 1021 2574 ad
1044 2518 1113 2574 Att.
1138 2513 1174 2590 l,
1198 2513 1296 2577 ib'ut
1317 2515 1495 2582 Brundisio
1515 2517 1682 2600 profectus
1704 2538 1753 2592 es,-
1777 2453 1811 2592 b,
1837 2519 1875 2580 ll
1895 2539 1973 2598 pro·
2033 2579 2042 2596 „

364 2599 515 2678 ficissens
545 2600 680 2665 Athenis
712 2598 893 2669 decretl,
928 2595 970 2660 13
995 2596 1172 2678 Rhodoque
1196 2595 1428 2664 Alexandream
1456 2601 1599 2665 Cassium
1622 2601 1811 2680 profectum·
1824 2621 1907 2673 essm·
1932 2604 1974 2664 ad

369 2683 498 2748 Famm.
519 2685 558 2761 3,
585 2685 608 2747 8
643 2679 747 2745 Tarso
768 2681 923 2746 Amanum
944 2701 1053 2746 uersus
1072 2681 1214 2766 profecti
1233 2704 1354 2760 snmust
1399 2681 1473 2752 soll.
1497 2682 1669 2761 7,11.8,
1693 2683 1743 2747 17.
1767 2684 1899 2762 13,10.
1934 2684 1975 2760 ad

365 2773 440 2834 ¹Att.
463 2770 500 2846 3,
522 2771 552 2836 9.
586 2766 697 2844 3,10.
732 2767 824 2843 4,1.
860 2767 895 2844 6,
919 2768 948 2829 5.
979 2768 1111 2843 16,16.
1140 2769 1197 2844 16,
1220 2769 1241 2829 9
1264 2779 1298 2829 et
1320 2769 1471 2831 centenis
1495 2767 1571 2830 aliis
1594 2767 1688 2830 locis.
1745 2767 1802 2832 sia
1823 2769 1910 2833 dixit
1932 2771 1974 2832 ad

243 2875 253 2888 ·
369 2852 484 2916 Famm
525 2854 556 2929 7,
582 2853 680 2916 taur
700 2853 833 2932 primum
860 2850 952 2915 Velio
971 2853 1128 2934 nauigare
1149 2855 1256 2934 coepi,
1277 2852 1336 2914 sed
1359 2856 1392 2928 4,
1415 2853 1455 2915 13
1476 2873 1569 2936 quum
1591 2854 1805 2933 abEpidauro
1816 2853 1979 2922 Piraeeum

367 2941 445 3004 noni
471 2941 619 3002 advectus
644 2949 759 3013 mmm,-
803 2937 852 2998 sic
878 2934 906 2998 F
908 2957 1006 3001 amm.
1033 2940 1071 3016 4,
1095 2937 1137 3001 12
1157 2948 1192 3002 ut
1214 2938 1255 3002 ab
1276 2936 1411 3004 Athenis
1431 2939 1466 3002 in
1486 2937 1654 3014 Boeotiam
1676 2941 1769 3012 irem3
1813 2939 1878 3000 sed
1895 2943 1931 3018 3,
1952 2941 1975 3006 8

368 3023 534 3091 Laodicea
555 3041 653 3106 usqne
675 3023 718 3084 ad
739 3023 880 3086 Iconium
901 3025 964 3086 iter
982 3019 1130 3106 fecerim,
1165 3023 1206 3086 ad
1231 3026 1299 3088 dtt.
1321 3024 1358 3102 b,
1381 3024 1422 3087 15
1450 3024 1510 3086 iter
1531 3021 1695 3090 Laodicea
1709 3022 1888 3106 jaciebamr
1923 3025 1973 3086 tic

369 3109 412 3171 sd
433 3109 501 3172 Att.
528 3109 584 3186 13,
599 3109 628 3170 ’6
650 3108 801 3187 epistolas
822 3109 932 3170 missas
954 3129 975 3170 o
997 3107 1168 3184 Corinth03
1193 3109 1254 3170 sed
1275 3109 1316 3172 ad
1339 3110 1408 3175 Att.
1432 3108 1468 3189 7,
1491 3109 1533 3174 25
1555 3111 1599 3174 cd
1620 3109 1764 3176 Cossium
1786 3110 1886 3174 literis
1909 3109 1972 3176 Ca-

365 3215 433 3276 pua
454 3195 566 3260 missis.
612 3191 669 3256 Sic
690 3191 731 3254 sd
753 3191 821 3255 Art.
834 3191 882 3266 .8,
907 3191 946 3253 lo
975 3194 1037 3256 iam
1059 3195 1275 3273 exspectabam
1297 3193 1421 3277 aliquid
1440 3216 1461 3257 a
1481 3193 1660 3260 Brundisio
1666 3221 1678 3270 ,·
1701 3194 1760 3258 sed
1784 3195 1840 3272 13,
1864 3196 1906 3260 17
1934 3195 1972 3262 V.

369 3277 512 3344 Kalend.
536 3277 752 3358 exspectabam
774 3277 876 3340 Romo
897 3275 1028 3357 aliquid.
1072 3276 1128 3340 Sic
1151 3279 1297 3356 Epami
1319 3279 1388 3346 Art.
1412 3281 1449 3357 9,
1473 3283 1513 3346 13
1536 3283 1654 3360 literis,
1677 3302 1757 3365 quas
1773 3283 1845 3346 ldd.
1858 3282 1973 3348 Marti.

366 3385 390 3427 ιι
411 3363 714 3434 Brundisioaedit,
748 3361 806 3423 ssd
829 3363 865 3430 6,
882 3362 907 3422 1
932 3361 1041 3426 literas
1063 3395 1104 3410 -
1126 3357 1304 3428 Brundisio
1326 3366 1434 3444 datos,
1469 3377 1502 3426 et
1531 3364 1643 3428 multis
1672 3364 1750 3428 aliis
1778 3364 1872 3430 locis.
1929 3365 1973 3430 Et

368 3447 454 3528 quod
475 3447 610 3530 gravius
634 3457 704 3523 est,
731 3447 817 3508 idem
841 3443 900 3508 ille
924 3447 1049 3510 Caesar
1070 3448 1313 3525 perspicuitatis
1337 3449 1419 3514 adeo
1441 3451 1627 3514 incuriosus
1648 3451 1732 3528 fuit,
1753 3462 1789 3510 ut
1812 3448 1972 3514 scriberet

289 3547 292 3554 ·
368 3531 448 3594 bell.
472 3534 534 3596 civ.
559 3533 592 3605 1,
617 3535 660 3595 34
683 3533 844 3594 reducitur
865 3533 909 3594 ad
929 3553 997 3596 eum
1019 3533 1231 3614 deprehensns
1248 3553 1292 3598 en
1313 3536 1425 3598 itinere
1448 3535 1506 3601 Cn.
1519 3539 1670 3616 Magius,
1695 3535 1863 3616 Cremona,
1887 3535 1971 3616 quod

369 3617 498 3680 dietam
514 3627 592 3694 puta
615 3633 689 3694 pro:
713 3616 946 3695 Cremonensis,
969 3616 1086 3680 rel'ob
1110 3619 1282 3696 Cremona,
1301 3617 1354 3680 vel
1378 3620 1531 3686 Cremona
1552 3624 1722 3696 oriundus,
1740 3618 1765 3698 ³)
1789 3633 1886 3700 atque
1909 3621 1972 3682 ite-
2028 3691 2033 3702 ¹

369 3722 440 3774 rum
462 3703 497 3775 3,
521 3703 562 3766 71
597 3704 788 3768 desiderauit
814 3700 999 3769 Tuticanum
1023 3702 1163 3778 Gallum,
1197 3707 1354 3770 senatoris
1370 3706 1488 3784 filium,
1524 3706 1561 3771 C.
1582 3707 1775 3790 Felginatem
1799 3705 1970 3777 Placentia,

369 3786 412 3853 Α.
436 3785 591 3851 Granium
612 3786 770 3866 Prneolis,
803 3789 853 3852 M.
876 3786 1107 3852 Sacrativirum
1130 3789 1249 3868 Capua.
1305 3787 1375 3852 Iam
1400 3811 1444 3854 ex
1467 3789 1518 3852 bis
1542 3791 1705 3871 exemplis
1728 3790 1858 3864 allatis,
1893 3811 1970 3872 quo-

322 3947 325 3958 ·
368 3891 439 3932 ram
464 3891 633 3934 numerum
656 3871 748 3936 facili
771 3891 1012 3958 operaraugera
1034 3893 1183 3956 possem,
1207 3877 1237 3936 si
1259 3895 1340 3954 opus
1357 3877 1540 3955 rideretur,
1562 3874 1720 3956 clarebit,
1743 3877 1876 3956 opinor,
1897 3895 1970 3955 per·

469 4123 501 4185 3)
521 4127 658 4182 contem
675 4134 753 4184 htvlt
772 4130 800 4194 1,
817 4130 852 4184 53
870 4146 926 4184 cum
944 4132 1145 4188 marabotini
1161 4134 1195 4186 ab
1213 4134 1286 4185 Alba
1304 4131 1412 4186 oriundi
1428 4135 1492 4186 sint.
1510 4132 1559 4200 36,
1578 4133 1614 4187 36
1631 4133 1740 4188 oriundi
1757 4139 1783 4186 et
1800 4131 1857 4198 ipsi
1870 4127 1983 4186 aPho-v

368 4210 435 4248 caea
452 4202 525 4260 sunt,
545 4204 585 4259 et,
604 4205 684 4252 cutus
703 4206 818 4266 generts
837 4207 961 4264 exempla
978 4207 1053 4254 tarra
1070 4207 1156 4254 mutto
1173 4203 1315 4266 exctt'abo,
1332 4205 1396 4254 Ltv.
1415 4198 1445 4269 6,
1464 4203 1497 4256 17
1516 4204 1596 4256 simul
1612 4202 1716 4254 colonis
1729 4201 1928 4254 Circeiensibus
1946 4207 1972 4252 et

368 4282 387 4316 ιι
408 4263 537 4329 Velitris,
563 4259 733 4330 οο11.6,,13
756 4265 947 4322 Circeiensium
969 4269 1073 4337 puidam
1096 4269 1202 4334 cogniti
1220 4277 1245 4322 et
1264 4269 1353 4321 coloni
1369 4287 1387 4321 o
1407 4270 1531 4324 Velitris.
1556 4269 1603 4334 31,
1621 4270 1656 4324 33
1671 4271 1832 4336 praedonum
1849 4286 1868 4321 a
1886 4269 1971 4322 Chal·

369 4331 428 4384 c‘r'de
445 4349 538 4400 nones,
555 4337 582 4387 h.
603 4348 627 4384 e.
644 4335 805 4395 praedonum
823 4334 1149 4401 Chalcidensiummoues,
1169 4337 1198 4402 1,
1216 4337 1250 4393 5⁰
1271 4338 1363 4390 Tullus
1380 4339 1536 4392 Herdonius
1553 4338 1710 4403 obAricio,
1729 4347 1770 4405 et,
1789 4345 1863 4404 quod
1880 4345 1970 4392 instar
2067 4391 2068 4396 χ

368 4407 489 4458 omnium
507 4407 567 4465 est,¹
584 4400 631 4464 43,
650 4397 685 4452 56
701 4399 770 4454 duae
787 4403 907 4456 Punicae
923 4406 1133 4474 quinqueremes,
1153 4407 1222 4462 duae
1239 4407 1273 4459 ab
1292 4406 1425 4462 Heraclea
1443 4423 1477 4460 ea
1496 4407 1581 4460 Ponto
1600 4409 1735 4472 triremes,
1754 4414 1868 4476 quotuor
1886 4405 1969 4458 Chal·

369 4469 479 4534 crdone,
498 4470 604 4524 totidem
621 4470 716 4534 Sarno,
735 4475 785 4522 turn
803 4471 913 4538 quinque
929 4473 1063 4526 Rhodiae.
1654 4517 1662 4524 .
1680 4548 1722 4608 1„
