4352 5690
1097 565 1122 640 o

1030 639 1037 656 Ι

999 667 1225 684 Μ

310 783 386 850 Liv.
408 785 466 865 28,
491 785 528 848 11
553 794 583 847 et
606 781 711 848 Albae
731 781 794 846 duo
816 782 899 846 soles
924 782 1009 854 visos
1038 777 1228 868 referebant.
1274 781 1386 860 Minos
1410 784 1509 848 etiam
1531 795 1618 849 recte
1641 787 1733 867 codd.
1755 787 1907 854 nonnulli

315 881 594 949 praepositionem
616 869 771 950 ignorant
794 868 850 944 37,
873 866 893 928 7
915 877 946 930 et
967 871 1080 933 consul
1098 869 1139 933 ab
1160 866 1332 950 Amphissa
1356 867 1560 935 Thessaliam*
1572 877 1697 952 repetit,
1729 876 1841 954 5130,
1864 877 1914 940 43
1955 903 1956 908 ’

309 959 357 1022 ita
377 957 502 1020 dimissi
521 956 561 1020 ah
582 953 684 1034 Roma
706 951 1009 1035 Karthaginienses.
1056 953 1110 1018 ci.
1133 953 1307 1020 Drakenb.
1330 955 1371 1016 ad
1393 954 1467 1020 Liv.
1490 957 1548 1034 31,
1571 957 1624 1020 26.
1666 957 1714 1020 Α5
1737 957 1907 1044 singulare

310 1053 363 1104 est
384 1041 469 1121 quod
490 1039 612 1122 legitur
633 1037 656 1103 1.
678 1042 737 1120 42,
761 1039 802 1102 56
825 1041 868 1102 ad
889 1040 970 1102 idem
981 1035 1059 1123 sere
1080 1052 1359 1122 tempus-naves
1376 1039 1554 1106 Chalcidem
1576 1057 1802 1110 conuenerunt:
1827 1047 1907 1110 duae

306 1125 448 1192 Punicae
469 1129 719 1210 quinqueremes,
742 1125 823 1188 duae
845 1125 885 1186 ah
906 1125 1067 1189 Heraclea
1088 1148 1128 1189 ex
1149 1127 1252 1192 Panto
1275 1129 1431 1206 triremes,
1460 1139 1594 1211 quatuor
1617 1126 1829 1212 Chalcedone,
1855 1141 1907 1194 to-

308 1215 402 1278 tidem
412 1211 519 1290 Samo,
543 1221 605 1276 tum
627 1213 763 1294 quinque
773 1209 919 1274 Rhodiae
930 1213 1153 1295 quadriremes.
1175 1210 1245 1276 Nec
1259 1223 1369 1272 tamen
1383 1230 1520 1274 necesse
1533 1211 1672 1290 videtar',
1694 1223 1731 1276 ut
1743 1212 1905 1280 ablativos

307 1298 489 1362 referamus
513 1296 554 1359 ad
576 1295 775 1374 praecedens
798 1293 935 1358 verbum
958 1298 1192 1368 conveniendi3
1223 1297 1323 1376 positi
1346 1297 1532 1361 animosae
1554 1307 1692 1376 possunt
1715 1292 1830 1360 eadem
1852 1321 1906 1376 ra-

310 1385 417 1462 tione,
441 1402 537 1461 quam
560 1400 656 1458 supra
680 1381 846 1462 tetigimus
870 1382 950 1462 p.3,
972 1380 1029 1443 ubi
1051 1382 1114 1445 duo
1138 1381 1293 1446 Caesaris
1317 1378 1552 1446 1555115151Ιί
1576 1379 1641 1444 loci
1662 1384 1796 1446 tractati
1819 1395 1907 1448 sunt.

287 1505 291 1518 ·
328 1480 331 1486 '
422 1463 600 1546 Reliquum
630 1484 716 1527 nuno
745 1479 811 1544 est,
837 1477 874 1527 ut
903 1487 959 1529 eos
986 1467 1077 1530 Livii
1104 1465 1195 1531 locos
1219 1485 1490 1546 percenseamus,
1518 1468 1552 1528 in·
1576 1464 1692 1546 quibus
1714 1467 1816 1530 verba
1837 1489 1906 1530 mo-

234 1591 237 1598 ·
307 1565 376 1616 tum
404 1547 630 1635 significantia
657 1570 732 1612 cum
758 1549 902 1614 ablativo
930 1553 1098 1615 nominum
1123 1553 1255 1616 urbium
1278 1551 1392 1614 addito
1410 1552 1653 1632 praepositione
1675 1575 1696 1615 a
1717 1565 1906 1616 constructa

307 1648 394 1702 sunt.
454 1632 601 1709 Quorum
628 1655 783 1698 numerus
806 1648 918 1699 tantus
942 1649 1009 1717 ost,
1049 1650 1086 1698 51
1109 1659 1191 1720 queo
1214 1637 1298 1718 apud
1321 1648 1449 1699 ceteros
1474 1638 1650 1716 scriptores
1675 1649 1789 1700 omiios
1812 1657 1906 1717 repe·

306 1724 435 1788 riantur
462 1719 604 1798 similia,
638 1723 819 1800 comparari
848 1724 987 1788 cum'eo
1018 1719 1123 1802 plana
1145 1744 1212 1786 non
1236 1723 1376 1802 possint.
1432 1721 1488 1785 Sic
1509 1725 1544 1783 in
1570 1715 1724 1785 Caesaris
1747 1721 1842 1786 libris
1865 1723 1906 1786 de
2009 1777 2014 1780 .

305 1806 395 1872 hello
424 1805 554 1868 Gallico
582 1802 694 1868 nullus
722 1804 814 1870 loeus
843 1819 1025 1886 comparet,
1049 1810 1104 1888 qui
1126 1807 1189 1890 huo
1211 1807 1304 1872 trahi
1320 1807 1445 1886 possit,
1468 1808 1503 1868 in
1525 1803 1620 1868 libris
1642 1805 1794 1870 1515115
1817 1805 1906 1870 civili
1970 1813 1974 1817 “

306 1912 385 1970 sex,
408 1891 444 1953 ni
465 1889 581 1969 fallor,
605 1903 741 1954 exstant
762 1890 844 1970 loci,
867 1894 922 1972 qui
944 1894 978 1956 in
1002 1914 1137 1958 censum
1151 1899 1331 1958 nocentur.
1352 1901 1358 1906 “
1381 1891 1439 1954 Ex
1460 1889 1614 1956 Sallustii
1635 1888 1731 1953 libris
1754 1893 1794 1954 15
1815 1890 1905 1954 bello

307 1975 406 2042 Catil.
430 1989 464 2038 et
486 1975 689 2060 Jugurthino
712 1978 775 2040 duo
797 1975 863 2040 loci
886 1976 948 2041 hue
969 1979 1152 2057 portinent,
1181 1977 1292 2039 nullus
1316 1995 1361 2039 55
1385 1975 1533 2039 Cornelii
1544 1976 1632 2038 *ritis
1655 1973 1835 2039 illustrium
1857 1977 1904 2038 vi·
1965 1991 1967 1995 ·

303 2083 424 2126 rorum.
469 2063 564 2142 Apud
588 2062 780 2141 Ciceronem
804 2073 945 2142 quantus
969 2083 1124 2125 numerus
1148 2064 1193 2125 sit
1214 2057 1504 2138 eorum'locorom,
1528 2062 1583 2140 qni
1606 2059 1670 2121 huc
1691 2061 1809 2122 referri
1830 2080 1906 2139 pos·

304 2150 390 2225 sini,
413 2145 512 2210 hodie
534 2149 660 2216 nescio.
704 2147 759 2210 Ex
783 2147 932 2227 epistolis
945 2149 1075 2233 ,viginti
1097 2167 1158 2209 sex
1180 2147 1311 2211 circiter
1331 2143 1424 2208 locos
1447 2144 1599 2221 enotavi,
1622 2142 1787 2223 inquibus
1804 2142 1907 2208 verba
1982 2201 1985 2207 .

201 2285 211 2297 .
302 2233 476 2312 veniendi,
509 2230 754 2312 proficiscendi,
787 2234 977 2312 recedendi,
1011 2229 1361 2320 mittendiqfngiendi
1389 2241 1451 2292 etc.
1480 2249 1552 2294 oum
1586 2226 1733 2292 ablativo
1761 2229 1905 2293 nominis

288 2317 394 2382 urbis
427 2318 540 2380 addita
572 2320 817 2398 praepositione
850 2341 871 2380 a
898 2325 1085 2382 constructa
1112 2325 1199 2376 suat.
1254 2313 1372 2373 Livius
1401 2325 1510 2375 autem
1538 2312 1612 2394 plns
1641 2325 1788 2380 trecenta
1808 2313 1907 2378 huius

305 2403 562 2464 constructionis
586 2401 742 2480 exempla
764 2399 913 2462 exhibet.
960 2396 1054 2472 Quae
1077 2401 1144 2461 iam
1166 2395 1281 2461 ordine
1305 2411 1365 2459 suo
1389 2393 1627 2472 perlustramus
1653 2398 1797 2484 singula.

263 2475 274 2494 κ
354 2555 360 2564 .
388 2485 416 2550 1.
451 2485 596 2548 Primum
623 2483 731 2548 locum
759 2496 897 2547 teneant
924 2483 1025 2548 verita
1054 2504 1139 2569 quae
1167 2494 1259 2548 sunt:
1302 2481 1480 2563 proficisci,
1516 2484 1703 2561 procedere,
1736 2487 1905 2561 progredi,

302 2572 424 2654 eqredi,
448 2571 546 2647 elohi,
570 2591 745 2651 erumpere,
769 2573 865 2630 exire.
1731 2609 1748 2651 ,ι

345 2659 380 2731 1)
407 2653 642 2734 proficisci}
665 2653 738 2714 Liv.
762 2652 798 2729 2,
821 2651 863 2716 33
895 2649 1027 2716 Volscae
1049 2652 1207 2735 legiones,
1227 2669 1289 2732 pro
1309 2663 1396 2716 ectae
1418 2654 1458 2714 ab
1480 2651 1592 2716 Antio.
1617 2653 1655 2728 3,
1678 2652 1720 2718 23
1743 2651 1905 2732 et·ipse·a

410 2739 512 2803 Roma
532 2733 708 2820 profectus.
755 2736 793 2815 9,
816 2736 856 2798 25
880 2737 1023 2802 consules
1045 2739 1084 2801 ab
1106 2736 1194 2802 Sara
1213 2757 1276 2820 pro,
1293 2740 1363 2800 ecti.
1408 2738 1467 2814 23,
1490 2735 1531 2797 17
1549 2734 1692 2818 profecti
1713 2758 1734 2798 a
1751 2735 1902 2800 Casilino.
1926 2765 1943 2778 -

406 2825 465 2906 25,
488 2823 530 2884 27
551 2821 717 2906 profectus
740 2843 759 2883 a
781 2820 1003 2907 Karthagine.
1028 2825 1086 2900 28,
1110 2825 1152 2886 17
1174 2824 1215 2886 all
1238 2821 1450 2904 Karthagine
1466 2820 1647 2904 projectus.
1681 2820 1740 2897 30,
1762 2822 1804 2884 36
1825 2841 1904 2897 pro-

406 2908 514 2994 fectus
536 2909 576 2973 ab
603 2909 695 2974 Utica
716 2937 758 2950 -
776 2919 903 2990 portum
922 2911 1013 2989 petit.
1057 2911 1113 2981 34,
1136 2909 1158 2972 8
1179 2929 1200 2969 a
1220 2906 1316 2972 Luna
1333 2906 1542 2988 proficiscens
1562 2905 1606 2950 -·'
1628 2907 1738 2970 edixit.
1782 2907 1840 2983 35,
1863 2905 1905 2968 43

407 2999 470 3060 iam
487 2994 655 3077 profectus
677 2993 716 3058 ab
738 2987 944 3058 Demetriade
965 3014 1023 3056 rex
1044 3026 1085 3040 -
1099 2989 1315 3074 ‘processerat
1361 2992 1419 3068 36,
1442 2994 1485 3054 te
1511 3011 1532 3053 a
1553 2989 1687 3056 Piraeeo
1704 2989 1732 3062 ⁵)
1761 3001 1807 3054 est
1825 3011 1904 3072 pra-

405 3079 522 3226 (ectus.
567 3080 626 3159 37,
650 3081 670 3139 4
695 3077 861 3162 profectus
889 3079 929 3142 ah
956 3079 1076 3144 Elatia.
1123 3076 1279 3140 Eiusdem
1310 3077 1565 3139 constructionis
1593 3074 1747 3154 exempla
1768 3077 1834 3136 iam
1856 3073 1904 3138 al·

421 3166 485 3226 atis
519 3164 602 3225 adde
636 3161 732 3224 haec:
773 3165 809 3240 5,
838 3165 891 3228 34.
935 3165 971 3238 6,
998 3165 1050 3229 27.
1095 3161 1132 3240 7,
1160 3164 1213 3226 34.
1257 3164 1316 3240 21,
1345 3163 1396 3228 15.
1441 3166 1499 3239 24,
1527 3163 1579 3226 46.
1603 3163 1658 3224 47.Ι
1707 3161 1766 3238 36,
1796 3163 1826 3224 9.
1850 3161 1902 3228 iu.

309 3279 313 3283 ·
407 3252 459 3316 39.
483 3250 547 3314 41.
581 3249 640 3324 27,
664 3247 693 3314 7.
716 3249 769 3317 31.
792 3249 844 3311 32.
890 3249 951 3325 28,
974 3248 1003 3311 7.
1050 3249 1108 3326 29,
1131 3253 1161 3314 4.
1184 3252 1215 3313 6.
1260 3249 1318 3324 31,
1341 3250 1393 3309 21.
1438 3248 1497 3324 32,
1519 3248 1571 3310 40.
1617 3249 1674 3322 33,
1698 3247 1728 3311 3.
1753 3245 1804 3308 38.
1850 3245 1902 3321 34,

402 3337 433 3398 9.
479 3339 541 3411 35,
564 3336 594 3397 2.
618 3335 669 3398 37.
715 3333 1153 3411 3o‚1i.1e.t.i.ii.t2.
1197 3333 1256 3410 37,
1281 3335 1332 3396 13.
1357 3333 1408 3394 26.
1431 3333 1483 3396 28.
1507 3333 1557 3397 60.
1604 3332 1805 3410 38,10.12.
1849 3330 1902 3406 39,

407 3422 460 3486 32.
504 3420 562 3493 to,
585 3421 637 3492 33,
663 3421 713 3484 56.
759 3419 870 3498 41,1.
920 3419 1108 3496 42,1.48,
1157 3412 1904 3498 44,1.10151282946515611155·

405 3505 479 3567 dem
509 3517 705 3568 structuram
734 3505 880 3585 sequitur
909 3502 1152 3567 substantivum
1181 3504 1266 3582 quod
1289 3513 1341 3562 est
1360 3499 1537 3584 profectio:
1573 3501 1649 3563 vide
1681 3499 1755 3563 Liv.
1789 3500 1900 3578 2,14.
1954 3537 1957 3542 -

340 3679 375 3760 2)
405 3636 639 3758 prhoederd:
672 3676 891 3752 1153515
926 3673 1040 3738 Villius
1063 3673 1103 3736 ah
1125 3671 1255 3752 Epheso
1276 3671 1448 3753 Apameam
1467 3672 1637 3752 processit·
1677 3669 1738 3747 35,
1761 3670 1803 3734 ot
1830 3671 1899 3735 Eu·

401 3761 559 3850 thymidas
581 3761 621 3822 ab
643 3757 778 3825 Athenis
798 3793 842 3804 --
866 3759 991 3824 Thebas
1012 3791 1054 3806 -·-
1073 3761 1238 3840 processit.
1270 3755 1322 3820 ci.
1345 3759 1403 3834 31,
1425 3759 1525 3846 io„-

299 3905 523 3929 uo--u-q-——ffl‘

398 3982 428 4044 5)
456 3985 530 4037 cave
553 3985 607 4036 hoo
628 3963 831 4036 iooo'iooutum
854 3989 936 4046 putes
953 3984 1066 4034 Livium
1092 3988 1124 4034 51
1150 3986 1185 4034 15
1210 3985 1281 4032 1555.
1325 3983 1379 4031 Pro
1406 3981 1476 4031 urbe
1501 3981 1651 4030 Piraeeum
1677 3977 1810 4031 15151555
1835 3987 1899 4042 Ι555

298 4056 375 4118 patet
393 4067 427 4105 ex
445 4057 493 4106 lib.
509 4049 563 4118 31,
580 4039 615 4104 22
633 4066 706 4118 quum
724 4051 863 4104 Piraeeum
877 4049 1070 4118 peruenissent.
1105 4047 1154 4114 31,
1172 4045 1207 4102 26
1230 4047 1370 4100 Piraeeum
1388 4046 1492 4112 pergit.
1528 4041 1578 4109 36,
1596 4044 1630 4098 42
1652 4041 1791 4095 Piraeium
1804 4055 1898 4118 perve-

295 4120 348 4172 nit.
381 4115 430 4182 31,
448 4119 483 4173 39
500 4119 629 4173 Eleusine
647 4119 755 4172 Cereris
773 4119 904 4185 templum,
923 4117 1034 4171 Piraeei
1050 4119 1149 4172 Joocm.
1184 4115 1232 4178 32,
1251 4113 1284 4167 16
1302 4131 1368 4182 quae
1385 4113 1496 4166 Piraeei
1506 4115 1633 4179 fueraut,
1671 4117 1733 4163 5511.
1752 4109 1905 4164 1155155515·

297 4194 332 4242 od
348 4191 412 4240 Liv.
430 4187 477 4254 si,
495 4185 538 4240 26.
574 4190 678 4242 Contra
697 4189 795 4242 Cicero
813 4202 937 4253 semper,
954 4193 984 4240 ui
1001 4191 1097 4252 folior,
1114 4191 1180 4239 huic
1197 4190 1302 4238 nomini
1321 4189 1558 4249 praepositionem
1576 4180 1715 4244 51155111,
1733 4181 1897 4242 stuppeo

188 4277 194 4306 .·
230 4267 240 4284 “·
297 4253 534 4322 Attio.V1,9in
551 4255 669 4310 Piraeea
687 4273 760 4324 quum
778 4255 885 4310 exirem.
919 4259 986 4320 vii,
1004 4253 1019 4306 1
1038 4255 1067 4306 ia
1084 4255 1224 4308 Piraeeum
1241 4266 1381 4316 egressus.
1415 4255 1455 4315 V,
1475 4250 1543 4304 125
1561 4249 1677 4302 Piraeeo
1697 4245 1862 4296 -oenimuu

398 4321 427 4384 6)
444 4327 571 4376 Eundem
596 4339 699 4378 morem
722 4331 832 4379 dicendi
849 4339 958 4388 semper
975 4331 1090 4376 5555155
1110 4329 1154 4376 551
1171 4327 1280 4376 Hirtius
1298 4326 1332 4374 15
1349 4324 1413 4374 beli.
1430 4323 1489 4373 Atr.
1510 4336 1534 4372 o.
1551 4316 1594 4383 23,
1611 4317 1654 4370 87.
1673 4321 1702 4367 51
1719 4321 1816 4368 auctor
1833 4316 1897 4366 1511.

297 4398 376 4461 Hisp.
392 4391 436 4446 37.
473 4392 578 4444 Caesar
595 4399 682 4444 semei
699 4409 768 4446 5555
787 4401 831 4447 551
849 4397 1057 4458 praepositione
1075 4407 1093 4442 a
1111 4394 1226 4443 151511.
1247 4395 1299 4442 515.
1317 4387 1348 4452 3,
1366 4387 1413 4453 23;
1447 4395 1533 4441 semei
1550 4391 1624 4440 5515
1643 4387 1764 4436 51151155
1782 4383 1896 4434 151511.
1973 4437 1980 4458 Ι

298 4469 351 4516 515.
373 4465 402 4530 i,
420 4461 462 4516 24.
498 4459 543 4544 ili.
563 4461 710 4514 Cornelius
727 4467 821 4526 Nepos
839 4468 868 4515 in
886 4465 954 4513 11111.
973 4459 1002 4524 1,
1020 4461 1037 4513 4
1055 4459 1192 4513 moercar
1209 4465 1278 4516 tenet
1296 4457 1408 4510 Athenis
1425 4453 1664 4524 proficiscentibus.
1940 4465 1944 4470 ·
