4352 5690
317 769 415 834 rebus
437 769 678 854 grammaticis,
700 769 747 830 ita
770 769 803 831 in
829 766 880 829 his
903 766 1035 830 dicendi
1056 765 1210 828 formulis
1233 787 1296 829 non
1321 771 1447 848 omnia,
1472 790 1533 834 nec
1555 771 1595 834 ab
1614 771 1914 855 omnibusscripto-

317 855 409 918 ribus
432 856 554 933 pariter
575 851 804 931 probarentur,
828 871 971 932 ususque
993 852 1123 914 dicendi
1145 853 1179 912 in
1203 851 1353 917 diversam
1377 853 1484 918 abiret
1506 869 1615 934 partes
1634 857 1670 932 ⁸).
1704 856 1778 922 Hoc
1795 862 1826 922 si
1842 881 1914 939 per-

316 941 511 1019 pendissent
534 939 766 1014 Grammetici,
801 950 848 1014 et,
877 937 909 1000 id
934 938 1016 1017 quod
1039 937 1270 1020 gravissimum
1294 950 1362 1016 est,
1390 939 1424 1001 in
1448 942 1618 1018 scriptoris
1641 948 1796 1024 cuiusque
1819 965 1914 1008 usum

317 1025 446 1087 dicendi
468 1022 578 1104 paullo
602 1024 786 1086 accuratius
808 1023 1057 1103 inquisiissent,
1078 1023 1241 1084 immunes
1265 1036 1359 1086 erant
1380 1023 1482 1086 futuri
1505 1023 1545 1087 ab
1569 1027 1753 1106 erroribus,
1777 1049 1914 1113 quorum

317 1107 401 1171 band
425 1129 544 1188 parvus
568 1129 721 1180 numerus
745 1107 1137 1171 GrammaticasLatinas
1161 1119 1314 1188 tanquam
1336 1109 1406 1182 iure
1429 1106 1626 1172 hereditario
1649 1113 1840 1178 etiamnunc.
1858 1112 1915 1176 ob-

315 1197 410 1260 tinet.
467 1191 562 1266 Quod
586 1195 650 1256 etsi
672 1192 819 1276 pluribus
843 1192 1006 1272 exemplis
1029 1193 1256 1255 demonstrare
1278 1189 1363 1255 baud
1387 1191 1523 1257 difficile
1544 1195 1606 1272 sit,
1624 1194 1648 1276 ²)
1684 1209 1809 1276 tamen,
1842 1219 1914 1262 cum

315 1299 377 1343 nec
399 1281 499 1342 otium
522 1277 603 1340 milri
626 1279 737 1341 datum
761 1281 820 1356 sit,
843 1289 876 1340 ct
898 1279 1070 1357 scriptioni
1094 1298 1186 1340 meae
1209 1279 1438 1361 angustissimi
1461 1276 1626 1342 sintfines
1644 1283 1831 1360 constituti,
1852 1277 1914 1345 hoc

313 1384 415 1427 unum
437 1384 632 1444 persequar,
653 1376 690 1425 ut
712 1365 752 1426 de
774 1364 1028 1442 praepositionis
1050 1385 1070 1426 c
1093 1383 1164 1424 cunr
1187 1361 1375 1425 nominibus
1392 1363 1520 1426 urbium
1536 1366 1668 1428 iunctae
1686 1367 1772 1446 apud
1782 1367 1915 1430 Livium

315 1469 378 1511 usu
406 1450 584 1526 disseram,
607 1469 673 1512 non
703 1445 865 1532 neglectis
896 1469 978 1527 quae
1005 1469 1047 1510 ex
1070 1448 1189 1510 ceteris
1212 1445 1426 1527 scriptoribus
1449 1448 1656 1528 pedestribus
1679 1472 1799 1514 aureae
1823 1464 1913 1515 aeta·

316 1535 360 1595 tis
394 1533 456 1596 buc
484 1535 669 1613 pertineant
705 1546 737 1595 et
765 1533 807 1595 ad
836 1531 1071 1596 illustrandum
1093 1552 1189 1596 usum
1211 1533 1389 1596 Liuianum
1410 1548 1488 1612 apta
1509 1536 1691 1602 videantur.
1747 1535 1813 1602 Hic
1834 1555 1913 1600 usus

316 1620 404 1682 enim
426 1617 528 1682 latius
550 1632 658 1698 patet,
692 1639 786 1698 quam
810 1617 908 1702 vulgo
931 1619 1082 1696 credunt,
1117 1639 1221 1699 neque
1243 1618 1399 1704 indignus
1423 1632 1491 1698 est,
1513 1623 1568 1701 qui
1589 1621 1706 1685 maiori
1729 1642 1802 1685 oum
1826 1643 1913 1700 cura,

209 1761 215 1772 ι
315 1724 411 1784 quam
434 1703 541 1766 adbuc
562 1704 777 1782 tactrrmest,
799 1702 993 1768 illustretur.
1550 1754 1553 1758 -

1795 1743 1806 1772 ν

427 1786 534 1851 Vetus
558 1801 609 1850 est
624 1784 666 1851 ‘et
688 1809 858 1852 commune
880 1789 1427 1868 praeceptum·Grammaticorum,
1450 1790 1585 1852 nomina
1596 1789 1744 1869 urbium,
1767 1789 1824 1854 ubi
1841 1777 1913 1854 cum

317 1874 426 1942 verbis
449 1894 532 1954 quae
555 1885 680 1936 motum
703 1894 747 1936 ex
771 1875 841 1943 sive
864 1872 904 1936 ab
928 1873 1037 1954 aliquo
1060 1873 1133 1938 loco
1156 1874 1320 1955 indicant,
1346 1876 1602 1958 coniungantur,
1625 1879 1660 1938 in
1678 1875 1823 1939 ablativo
1835 1878 1913 1956 poni

315 1981 335 2021 a
356 1957 571 2038 scriptoribus
592 1959 741 2037 Latinis,
769 1960 816 2022 ita
840 1970 967 2038 tamen,
994 1971 1031 2020 ut
1054 1961 1308 2037 praepositionis
1331 1983 1351 2024 c
1373 1971 1407 2024 et
1430 1961 1673 2041 perspicuitatis
1696 1971 1795 2032 causa
1818 1961 1914 2024 etad

313 2045 496 2128 augendam
519 2045 585 2107 vim
609 2045 740 2108 additae
762 2064 842 2106 usus
866 2065 932 2107 non
954 2043 1051 2123 plane
1074 2045 1119 2105 sit
1140 2039 1295 2106 exclusus
1320 2063 1425 2122 neque
1448 2066 1468 2107 a
1491 2045 1757 2107 nativaLatinae
1779 2044 1912 2128 linguae

249 2188 259 2202 ,
311 2127 425 2192 indole
448 2127 640 2192 abhorrens.
684 2127 838 2196 Handius
867 2130 1013 2210 quidem,
1046 2129 1098 2192 cui
1125 2129 1161 2190 in
1188 2126 1249 2190 bac
1276 2149 1312 2191 re
1340 2130 1503 2206 maxima,
1530 2129 1560 2190 si
1583 2140 1736 2209 quaest,
1770 2119 1917 2194 auctori·'

313 2228 364 2282 tos
388 2214 560 2278 tribuenda
582 2215 727 2294 videtur,
749 2217 784 2278 in
808 2213 957 2280 Tursell.
980 2213 1012 2290 Ι,
1035 2235 1065 2290 p.
1091 2212 1149 2273 lc:
1182 2215 1435 2290 „Antiquarum
1460 2213 1770 2289 Grammaticorum,
1793 2215 1911 2294 inquit,

313 2299 466 2364 nonnulli
488 2313 593 2363 toturn
615 2319 711 2364 usum
734 2299 1006 2382 (praepositionis
1029 2295 1067 2374 a)
1089 2294 1384 2373 reprehendebant.
1429 2297 1496 2360 Sed
1518 2312 1594 2362 sunt
1616 2296 1706 2382 loca,
1734 2301 1770 2362 in
1793 2297 1910 2381 quibus

313 2393 379 2447 uon
402 2385 503 2447 allam
526 2407 657 2447 causam
681 2387 844 2463 reperias,
868 2403 962 2462 qnam
984 2380 1267 2460 perspicuitatem,
1296 2391 1353 2442 aut
1375 2382 1536 2444 orationis
1559 2405 1746 2464 numerum,
1769 2384 1912 2448 fortasse

313 2471 411 2533 etiam
436 2467 747 2553 negligentiam.
792 2467 832 2531 ln
856 2465 933 2531 aliis
956 2467 1085 2546 quidem
1107 2463 1216 2526 intelli
1241 2466 1306 2528 'tur
1327 2468 1418 2549 regio
1440 2464 1638 2545 urbis,¹non
1660 2481 1727 2530 una
1749 2469 1826 2529 urbs
1844 2467 1912 2545 (l),

312 2557 347 2618 in
369 2553 445 2618 aliis
469 2573 534 2617 non
557 2558 630 2632 ipsa
652 2553 746 2629 urbs,
769 2554 828 2614 sed
851 2553 939 2612 cives
963 2547 1017 2622 vel
1039 2549 1167 2611 civitas.
1211 2485 1383 2613 Illautem
1406 2564 1530 2613 certum
1551 2551 1697 2630 videtur,
1721 2549 1797 2613 addi
1818 2569 1912 2629 prae-

282 2643 285 2654 '
310 2641 508 2719 positionem
530 2639 659 2700 urbium
682 2648 715 2696 et
736 2633 881 2696 locorum
907 2630 956 2712 (t)
981 2629 1185 2708 nominibus,
1207 2629 1264 2692 ubi
1286 2634 1391 2716 magis
1414 2636 1584 2712 adipsum
1607 2635 1919 2698 discessunietex·

310 2727 410 2801 itum,
434 2742 530 2802 quam
553 2722 594 2783 ad
616 2721 703 2782 viam
725 2718 935 2798 respicimus:
956 2714 1047 2782 uelut
1069 2716 1255 2783 obAtbent's
1274 2715 1438 2799 proficisci
1459 2731 1511 2781 est
1531 2740 1593 2783 oon
1609 2717 1716 2784 Atlsen
1735 2719 1911 2785 obreiseo.“

312 2809 378 2874 Sed
405 2821 441 2870 ut
469 2804 580 2887 paullo
608 2803 779 2871 obscurius
807 2803 890 2886 baec
917 2803 1120 2882 dictasunt,
1153 2803 1201 2864 ita
1222 2823 1258 2864 rc
1280 2804 1465 2866 accuratius
1480 2823 1650 2886 *perpensa
1670 2815 1704 2866 et
1727 2803 1911 2884 explorata,

313 2893 380 2960 alia
403 2895 512 2957 minus
536 2903 627 2956 recta
650 2903 743 2968 sunt,
767 2887 834 2953 alia
856 2885 953 2967 plane
976 2886 1073 2950 falsa.
1125 2887 1229 2963 Nam,
1250 2900 1287 2948 ιιι
1310 2885 1350 2950 ab
1374 2889 1416 2950 iis
1435 2889 1653 2969 ordiar-quae
1675 2891 1711 2953 in
1733 2887 1801 2952 fine
1823 2890 1911 2952 dicta

311 2993 405 3059 sunt,
433 2981 462 3041 si
490 2981 530 3044 ab
552 2977 687 3042 Attenia
705 2974 872 3058 proficisci
892 2985 944 3034 est
965 2993 1028 3036 oon
1048 2969 1155 3036 Atbaa
1176 2972 1336 3047 ebroicen,
1371 2973 1446 3052 quid
1470 2993 1545 3038 esse
1571 2985 1754 3048 statuamus
1777 2974 1911 3041 Athenis
2008 3031 2016 3046 x

308 3066 494 3148 proficisci!
549 3062 619 3144 Ego
655 3061 784 3139 quidem
812 3059 988 3120 discrimen
1017 3077 1084 3120 non
1111 3059 1226 3136 video,
1262 3059 1327 3120 nisi
1356 3058 1441 3138 quod
1470 3079 1569 3138 supra
1591 3061 1707 3123 statuit
1731 3058 1847 3124 Cicero
1869 3059 1910 3122 de

314 3151 558 3229 praepositione
582 3149 617 3210 in
640 3141 828 3208 nominibus
850 3141 976 3210 urbium
1001 3144 1152 3224 apposita
1175 3156 1233 3208 aut
1254 3144 1389 3208 omissa.
1434 3142 1541 3224 Atque
1564 3145 1641 3209 inde
1664 3146 1764 3209 etiam
1787 3145 1908 3209 factum

312 3345 538 3358 -o—n———u——a-4

413 3473 442 3534 l)
469 3477 516 3526 sie
538 3477 622 3526 ettam
647 3477 720 3537 apud
742 3476 868 3527 Graecos
889 3477 998 3528 Atticos
1016 3479 1168 3538 scriptores
1187 3476 1344 3526 nominitrus
1362 3441 1471 3528 urbium
1489 3479 1713 3539 praepositiones
1730 3471 1761 3527 ἐν
1779 3479 1808 3525 et
1826 3473 1863 3530 εἰς
1881 3481 1909 3525 ιι

310 3537 367 3596 ἀπό
386 3548 448 3596 sive
466 3541 496 3594 ts
514 3557 624 3606 semper
640 3548 703 3594 tere
721 3548 863 3606 appositas
881 3547 975 3596 vides:
995 3545 1199 3606 antiquioribus
1218 3541 1388 3606 temporibus
1407 3549 1575 3596 contrarium
1592 3547 1654 3596 tere
1672 3546 1909 3596 valuisseiamex
1951 3581 1953 3584 -
1985 3575 1987 3580 ·

310 3629 365 3668 nno
383 3615 503 3665 Homero
521 3618 611 3676 patet,
629 3627 721 3677 neque
738 3619 895 3677 repugnant
911 3615 977 3664 bute
995 3615 1186 3664 observationi
1204 3626 1276 3675 quae
1293 3617 1387 3664 moitis
1405 3617 1476 3665 iocis
1492 3618 1625 3679 teguntur
1642 3617 1715 3677 apud
1731 3617 1829 3676 poetas
1840 3613 1908 3662 tra-
1965 3651 1969 3656 .

310 3690 390 3752 gtcos
416 3684 502 3733 verba
519 3680 605 3732 teundt
628 3689 657 3731 et
677 3679 800 3731 veniendi
821 3695 882 3734 cunr
904 3685 978 3744 pado
998 3684 1160 3732 accusativo
1178 3683 1287 3732 urbium
1305 3685 1413 3745 iuncta,
1440 3688 1482 3745 et,
1509 3696 1563 3746 quo
1581 3697 1617 3732 ne
1634 3687 1780 3746 pedestres
1798 3684 1908 3744 quidem
1977 3725 1984 3732 ,

309 3757 461 3816 scriptores
478 3755 561 3813 piane
579 3751 787 3812 abstinuerunt,
806 3751 1013 3802 dativus-urbis
1033 3752 1137 3812 nudus,
1155 3751 1204 3800 ubi
1221 3746 1252 3800 ts
1270 3763 1332 3801 cum
1349 3755 1443 3802 dativo
1462 3757 1668 3814 exspectamus,
1687 3757 1718 3802 ut
1730 3751 1906 3802 Platoume-

309 3836 372 3874 nex.
391 3837 418 3884 p.
435 3817 500 3881 245,
523 3821 547 3870 Α
568 3811 601 3866 sol
624 3811 743 3884 τρόπαια
764 3809 796 3866 τά
820 3832 849 3868 ss
871 3815 1061 3887 Μαραθῶνι
1082 3817 1130 3866 καὶ
1150 3816 1332 3883 Σαλαμῖνι.
1381 3822 1504 3885 thucyd.
1523 3823 1551 3882 t,
1574 3818 1622 3872 tt:
1648 3817 1847 3884 Μαραθῶνι
1873 3841 1907 3852 -

310 3887 554 3961 προκινδυνεῦσαι.
590 3888 711 3939 Ριιιιιιι.
730 3887 757 3964 l,
776 3882 822 3950 15,
840 3881 871 3937 3:
890 3885 917 3937 ot
931 3879 1126 3952 μαχησὰμενοι
1142 3885 1345 3954 Μαραθῶνι.
1363 3889 1419 3951 tx,
1438 3888 1469 3953 l,
1488 3889 1519 3941 ιι
1538 3883 1553 3940 ὁ
1572 3888 1762 3958 Μαραθῶνι
1779 3878 1864 3951 ἀγών.

409 3959 437 4018 2)
457 3959 503 4008 Sic
521 3957 601 4008 verbi
618 3969 716 4018 causa,
736 3958 809 4017 quod
827 3957 972 4018 Zumptius
991 3958 1126 4016 praecipit
1144 3957 1248 4016 aliique
1266 3961 1452 4020 grammatici,
1469 3961 1552 4008 macte
1564 3956 1906 4017 virtatecumtmperatipo

309 4031 414 4078 tantum
432 4031 613 4095 compositum
629 4027 761 4086 reperiri,
779 4027 871 4076 minus
889 4029 1019 4075 accurate
1037 4027 1139 4073 dictum
1157 4026 1286 4087 arguitur
1303 4026 1364 4073 ioco
1381 4026 1497 4090 Livii-2,
1516 4023 1563 4074 ia:
1580 4022 1693 4074 iuberem
1710 4027 1794 4072 macte
1809 4020 1921 4092 uirtute·

309 4107 375 4144 esee.
419 4097 466 4147 sie
486 4101 581 4157 inepta
604 4106 690 4156 prope
713 4097 793 4154 sunt,
820 4105 893 4156 quae
914 4095 948 4144 de
965 4107 1019 4144 usu
1037 4095 1157 4154 perfecti
1174 4105 1236 4142 cum
1253 4096 1450 4144 coniunctione
1466 4095 1603 4160 postquam
1619 4096 1764 4144 coniuncti
1781 4093 1907 4153 plerique

310 4170 431 4214 narrant.
467 4165 514 4214 Sic
532 4168 634 4214 taisum
652 4166 710 4222 est,
729 4164 802 4225 quod
820 4162 988 4212 observasse
1005 4161 1061 4211 sibi
1079 4165 1159 4212 visus
1177 4165 1222 4210 est
1238 4162 1327 4211 itand.
1344 4165 1362 4212 i.
1380 4164 1407 4222 i..
1424 4165 1537 4214 Livium
1554 4174 1667 4223 semper
1684 4165 1746 4214 tere
1763 4163 1857 4210 dicere
1871 4155 1906 4206 ab

308 4227 484 4293 Kertlicgr'ne
504 4244 554 4292 pro
577 4235 697 4293 simplici
714 4232 834 4281 ablativo
853 4226 1035 4294 Karthagine.
1071 4227 1114 4280 Cf.
1132 4229 1196 4278 Lis.
1214 4221 1262 4292 ιθ,
1280 4225 1323 4279 25.
1358 4225 1406 4292 ιθ,
1424 4227 1467 4282 ta.
1503 4227 1551 4295 30,
1572 4225 1614 4280 10.
1648 4225 1697 4294 30,
1714 4223 1756 4280 36.
1800 4226 1906 4276 verum

310 4306 400 4362 esset,
419 4304 445 4349 st
463 4301 702 4352 dixissertnvium
720 4313 830 4362 semper
848 4303 1029 4350 coniunxisse
1046 4299 1281 4360 praepositionem
1296 4309 1357 4348 cum
1374 4299 1458 4351 buius
1476 4302 1554 4352 urbis
1573 4303 1696 4362 nornine,
1715 4295 1763 4346 ubi
1776 4299 1905 4344 constru-

310 4375 382 4420 ctum
401 4374 479 4434 esset
498 4381 559 4418 curn
577 4368 663 4418 verbo
686 4373 758 4430 quod
776 4375 820 4420 est
836 4365 991 4434 proficisci,
1008 4377 1062 4418 nec
1079 4370 1164 4418 ulium
1182 4370 1273 4418 iocum
1290 4371 1421 4430 reperiri,
1440 4370 1488 4421 nbi
1506 4381 1605 4422 nomen
1618 4359 1904 4426 urois'itouseprae·

308 4441 449 4500 positione
467 4441 598 4498 careretj
668 4435 680 4450 '
